@article{cleveland1990stl,
  title   = "{STL}: A seasonal-trend decomposition procedure based on loess",
  author  = "Cleveland, Robert B and Cleveland, William S and McRae, Jean E and Terpenning, Irma",
  journal = "Journal of Official Statistics",
  volume  = 6,
  number  = 1,
  pages   = {3--73},
  year    = 1990
}

@article{HK06,
  title   = "Another look at measures of forecast accuracy",
  author  = "Hyndman, Rob J and Koehler, Anne B",
  journal = "International Journal of Forecasting",
  volume  =  22,
  number  =  4,
  pages   = "679--688",
  year    =  2006,
}

@article{neale2014,
	title = {The Failure of Practical Intuition: How Forward-Coverage Inventory Targets Cause the Landslide Effect},
	author = {Neale, John J. and Willems, Sean P.},
	year = {2014},
	month = {09},
	date = {2014-09-23},
	journal = {Production and Operations Management},
	pages = {535--546},
	volume = {24},
	number = {4},
	doi = {10.1111/poms.12262},
	url = {http://dx.doi.org/10.1111/poms.12262},
	langid = {en}
}
