@article{petropoulos2018judgmental,
  title={Judgmental selection of forecasting models},
  author={Petropoulos, Fotios and Kourentzes, Nikolaos and Nikolopoulos, Konstantinos and Siemsen, Enno},
  journal={Journal of Operations Management},
  volume={60},
  pages={34--46},
  year={2018},
  publisher={Elsevier}
}


@misc{abolghasemi2019,
  doi = {10.48550/ARXIV.1912.00370},
  
  url = {https://arxiv.org/abs/1912.00370},
  
  author = {Abolghasemi, Mahdi and Hyndman, Rob J and Tarr, Garth and Bergmeir, Christoph},
  
  keywords = {Machine Learning (cs.LG), Machine Learning (stat.ML), FOS: Computer and information sciences, FOS: Computer and information sciences},
  
  title = {Machine learning applications in time series hierarchical forecasting},
  
  publisher = {arXiv},
  
  year = {2019},
  
  copyright = {arXiv.org perpetual, non-exclusive license}
}


@article{bunn1991interaction,
  title={Interaction of judgemental and statistical forecasting methods: issues \& analysis},
  author={Bunn, Derek and Wright, George},
  journal={Management science},
  volume={37},
  number={5},
  pages={501--518},
  year={1991},
  publisher={INFORMS}
}

@book{hyndman2018forecasting,
  title={Forecasting: principles and practice},
  author={Hyndman, Rob J and Athanasopoulos, George},
  year={2018},
  publisher={OTexts}
}

@misc{lundberg2017,
  doi = {10.48550/ARXIV.1705.07874},
  url = {https://arxiv.org/abs/1705.07874},
  author = {Lundberg, Scott and Lee, Su-In},
  keywords = {Artificial Intelligence (cs.AI), Machine Learning (cs.LG), Machine Learning (stat.ML), FOS: Computer and information sciences, FOS: Computer and information sciences},
  title = {A Unified Approach to Interpreting Model Predictions},
  publisher = {arXiv},
  year = {2017},
  copyright = {arXiv.org perpetual, non-exclusive license}
}

@article{blatterberg1990database,
 ISSN = {00251909, 15265501},
 URL = {http://www.jstor.org/stable/2632364},
 abstract = {We focus on ways of combining simple database models with managerial intuition. We present a model and method for isolating managerial intuition. For five different business forecasting situations, our results indicate that a combination of model and manager always outperforms either of these decision inputs in isolation, an average R$^2$ increase of 0.09 (16${\tt\%}$) above the best single decision input in cross-validated model analyses. We assess the validity of an equal weighting heuristic, 50${\tt\%}$ model + 50${\tt\%}$ manager, and then discuss why our results might differ from previous research on expert judgment.},
 author = {Robert C. Blattberg and Stephen J. Hoch},
 journal = {Management Science},
 number = {8},
 pages = {887--899},
 publisher = {INFORMS},
 title = {Database Models and Managerial Intuition: 50${\tt\%}$ Model + 50${\tt\%}$ Manager},
 urldate = {2022-09-02},
 volume = {36},
 year = {1990}
}



@article{tashman2000out,
  title={Out-of-sample tests of forecasting accuracy: an analysis and review},
  author={Tashman, Leonard J},
  journal={International journal of forecasting},
  volume={16},
  number={4},
  pages={437--450},
  year={2000},
  publisher={Elsevier}
}


@incollection{armstrong2001combining,
  title={Combining forecasts},
  author={Armstrong, J Scott},
  booktitle={Principles of forecasting},
  pages={417--439},
  year={2001},
  publisher={Springer}
}

@article{franses2011combining,
  title={Combining SKU-level sales forecasts from models and experts},
  author={Franses, Philip Hans and Legerstee, Rianne},
  journal={Expert Systems with Applications},
  volume={38},
  number={3},
  pages={2365--2370},
  year={2011},
  publisher={Elsevier}
}

@article{petropoulos2016big,
  title={Do ‘big losses’ in judgmental adjustments to statistical forecasts affect experts’ behaviour?},
  author={Petropoulos, Fotios and Fildes, Robert and Goodwin, Paul},
  journal={European Journal of Operational Research},
  volume={249},
  number={3},
  pages={842--852},
  year={2016},
  publisher={Elsevier}
}

@article{wang2016select,
  title={To select or to combine? The inventory performance of model and expert forecasts},
  author={Wang, Xun and Petropoulos, Fotios},
  journal={International Journal of Production Research},
  volume={54},
  number={17},
  pages={5271--5282},
  year={2016},
  publisher={Taylor \& Francis}
}

@article{trapero2013analysis,
  title={Analysis of judgmental adjustments in the presence of promotions},
  author={Trapero, Juan R and Pedregal, Diego J and Fildes, Robert and Kourentzes, Nikolaos},
  journal={International Journal of Forecasting},
  volume={29},
  number={2},
  pages={234--243},
  year={2013},
  publisher={Elsevier}
}

@article{makridakis2000m3,
  title={The M3-Competition: results, conclusions and implications},
  author={Makridakis, Spyros and Hibon, Michele},
  journal={International journal of forecasting},
  volume={16},
  number={4},
  pages={451--476},
  year={2000},
  publisher={Elsevier}
}