
@article{graves2000,
	title = {Optimizing Strategic Safety Stock Placement in Supply Chains},
	author = {Graves, Stephen C. and Willems, Sean P.},
	year = {2000},
	month = {01},
	date = {2000-01},
	journal = {Manufacturing & Service Operations Management},
	pages = {68--83},
	volume = {2},
	number = {1},
	doi = {10.1287/msom.2.1.68.23267},
	url = {http://dx.doi.org/10.1287/msom.2.1.68.23267},
	langid = {en}
}

@article{bossert2007,
	title = {A Periodic-Review Modeling Approach for Guaranteed Service Supply Chains},
	author = {Bossert, John M. and Willems, Sean P.},
	year = {2007},
	month = {10},
	date = {2007-10},
	journal = {Interfaces},
	pages = {420--436},
	volume = {37},
	number = {5},
	doi = {10.1287/inte.1070.0298},
	url = {http://dx.doi.org/10.1287/inte.1070.0298},
	langid = {en}
}

@article{humair2011,
	title = {TECHNICAL NOTE{\textemdash}Optimizing Strategic Safety Stock Placement in General Acyclic Networks},
	author = {Humair, Salal and Willems, Sean P.},
	year = {2011},
	month = {06},
	date = {2011-06},
	journal = {Operations Research},
	pages = {781--787},
	volume = {59},
	number = {3},
	doi = {10.1287/opre.1100.0913},
	url = {http://dx.doi.org/10.1287/opre.1100.0913},
	langid = {en}
}
