
@article{graves2000,
	title = {Optimizing Strategic Safety Stock Placement in Supply Chains},
	author = {Graves, Stephen C. and Willems, Sean P.},
	year = {2000},
	month = {01},
	date = {2000-01},
	journal = {Manufacturing & Service Operations Management},
	pages = {68--83},
	volume = {2},
	number = {1},
	doi = {10.1287/msom.2.1.68.23267},
	url = {http://dx.doi.org/10.1287/msom.2.1.68.23267},
	langid = {en}
}

@article{humair2006,
	title = {Optimizing Strategic Safety Stock Placement in Supply Chains with Clusters of Commonality},
	author = {Humair, Salal and Willems, Sean P.},
	year = {2006},
	month = {08},
	date = {2006-08},
	journal = {Operations Research},
	pages = {725--742},
	volume = {54},
	number = {4},
	doi = {10.1287/opre.1060.0313},
	url = {http://dx.doi.org/10.1287/opre.1060.0313},
	langid = {en}
}
